<?xml version="1.0" encoding="UTF-8"?><collection xmlns="http://www.loc.gov/MARC21/slim"><record><leader>00452nam--2200133-i-4500</leader><controlfield tag="001">000046154</controlfield><controlfield tag="002">20161230</controlfield><controlfield tag="005">20161230201045</controlfield><controlfield tag="008">060222s1000------------r-----000-0-eng-d</controlfield><datafield ind1=" " ind2=" " tag="080"><subfield code="a">681.3.06:519.68(043)</subfield></datafield><datafield ind1=" " ind2=" " tag="100"><subfield code="a">Vasiliu,Marius</subfield></datafield><datafield ind1=" " ind2=" " tag="245"><subfield code="a">1.la modelissation comportamentale d`une carte de coupure avec le logical pspic. 2.l`etude d`une bibliotheque des cellules..</subfield></datafield><datafield ind1=" " ind2=" " tag="260"><subfield code="a">Paris, Inst.Nat.Des Telecomunication, 1990. 68 P. + Fig</subfield></datafield><datafield ind1=" " ind2=" " tag="852"><subfield code="a">79216</subfield></datafield></record></collection>